@article{dsilva2015parsimonious,
  title={Parsimonious Representation of Nonlinear Dynamical Systems Through Manifold Learning: A Chemotaxis Case Study},
  author={Dsilva, Carmeline J and Talmon, Ronen and Coifman, Ronald R and Kevrekidis, Ioannis G},
  journal={arXiv preprint arXiv:1505.06118},
  year={2015}
}

@article{jones2008,
  title={Manifold parametrizations by eigenfunctions of the {L}aplacian and heat kernels},
  author={Jones, P. W. and Maggioni, M. and Schul, R.},
  journal={Proceedings of the National Academy of Sciences 105.6 (2008): 1803-1808},
  volume={105},
  number={6},
  pages={1803-1808},
  year={2008}
}

@article{bar2004analyzing,
  title={Analyzing time series gene expression data},
  author={Bar-Joseph, Ziv},
  journal={Bioinformatics},
  volume={20},
  number={16},
  pages={2493--2503},
  year={2004},
  publisher={Oxford Univ Press}
}

@article{daoutidis2013engineering,
  title={Engineering biomass conversion processes: A systems perspective},
  author={Daoutidis, Prodromos and Marvin, W Alex and Rangarajan, Srinivas and Torres, Ana I},
  journal={AIChE Journal},
  volume={59},
  number={1},
  pages={3--18},
  year={2013},
  publisher={Wiley Online Library}
}

@article{storey2005significance,
  title={Significance analysis of time course microarray experiments},
  author={Storey, John D and Xiao, Wenzhong and Leek, Jeffrey T and Tompkins, Ronald G and Davis, Ronald W},
  journal={Proceedings of the National Academy of Sciences of the United States of America},
  volume={102},
  number={36},
  pages={12837--12842},
  year={2005},
  publisher={National Acad Sciences}
}

@article{kim2015systematic,
  title={Systematic characterization of protein folding pathways using diffusion maps: Application to {T}rp-cage miniprotein},
  author={Kim, Sang Beom and Dsilva, Carmeline J and Kevrekidis, Ioannis G and Debenedetti, Pablo G},
  journal={The Journal of Chemical Physics},
  volume={142},
  number={8},
  pages={085101},
  year={2015},
  publisher={AIP Publishing}
}

@article{lazaridis1997new,
  title={``{N}ew view'' of protein folding reconciled with the old through multiple unfolding simulations},
  author={Lazaridis, Themis and Karplus, Martin},
  journal={Science},
  volume={278},
  number={5345},
  pages={1928--1931},
  year={1997},
  publisher={American Association for the Advancement of Science}
}

@article{chaimovich2011coarse,
  title={Coarse-graining errors and numerical optimization using a relative entropy framework},
  author={Chaimovich, Aviel and Shell, M Scott},
  journal={The Journal of Chemical Physics},
  volume={134},
  number={9},
  pages={094112},
  year={2011},
  publisher={AIP Publishing}
}

@article{rubert2014advanced,
  title={Advanced solution methods for microkinetic models of catalytic reactions: A methanol synthesis case study},
  author={Rubert-Nason, Patricia and Mavrikakis, Manos and Maravelias, Christos T and Grabow, Lars C and Biegler, Lorenz T},
  journal={AIChE Journal},
  volume={60},
  number={4},
  pages={1336--1346},
  year={2014},
  publisher={Wiley Online Library}
}

@article{oluwole2006rigorous,
  title={Rigorous valid ranges for optimally reduced kinetic models},
  author={Oluwole, Oluwayemisi O and Bhattacharjee, Binita and Tolsma, John E and Barton, Paul I and Green, William H},
  journal={Combustion and Flame},
  volume={146},
  number={1},
  pages={348--365},
  year={2006},
  publisher={Elsevier}
}

@book{anderson1995computational,
  title={Computational fluid dynamics},
  author={Anderson, John David and Wendt, JF},
  volume={206},
  year={1995},
  publisher={Springer}
}

@article{ng2002spectral,
  title={On spectral clustering: Analysis and an algorithm},
  author={Ng, Andrew Y and Jordan, Michael I and Weiss, Yair and others},
  journal={Advances in neural information processing systems},
  volume={2},
  pages={849--856},
  year={2002},
  publisher={MIT; 1998}
}

@article{shi2000normalized,
  title={Normalized cuts and image segmentation},
  author={Shi, Jianbo and Malik, Jitendra},
  journal={IEEE Transactions on Pattern Analysis and Machine Intelligence},
  volume={22},
  number={8},
  pages={888--905},
  year={2000},
  publisher={IEEE}
}

@book{joseph1978multidimensional,
  title={Multidimensional Scaling},
  author={Joseph B. Kruskal and Myron Wish},
  volume={11},
  year={1978},
  publisher={Sage}
}

@incollection{scholkopf1997kernel,
  title={Kernel principal component analysis},
  author={Sch{\"o}lkopf, Bernhard and Smola, Alexander and M{\"u}ller, Klaus-Robert},
  booktitle={Artificial Neural Networks - ICANN'97},
  pages={583--588},
  year={1997},
  publisher={Springer}
}

@inproceedings{gerber2007robust,
  title={Robust non-linear dimensionality reduction using successive 1-dimensional {L}aplacian eigenmaps},
  author={Gerber, Samuel and Tasdizen, Tolga and Whitaker, Ross},
  booktitle={Proceedings of the 24th International Conference on Machine Learning},
  pages={281--288},
  year={2007},
  organization={ACM}
}

@book{wasserman2006all,
  title={All of Nonparametric Statistics},
  author={Wasserman, Larry},
  year={2006},
  publisher={Springer Science \& Business Media}
}

@book{vaseghi2008advanced,
  title={Advanced digital signal processing and noise reduction},
  author={Vaseghi, Saeed V},
  year={2008},
  publisher={John Wiley \& Sons}
}

@article{rowley2004model,
  title={Model reduction for compressible flows using {POD} and {G}alerkin projection},
  author={Rowley, Clarence W and Colonius, Tim and Murray, Richard M},
  journal={Physica D: Nonlinear Phenomena},
  volume={189},
  number={1},
  pages={115--129},
  year={2004},
  publisher={Elsevier}
}

@article{kunisch2002galerkin,
  title={Galerkin proper orthogonal decomposition methods for a general equation in fluid dynamics},
  author={Kunisch, K and Volkwein, Stefan},
  journal={SIAM Journal on Numerical Analysis},
  volume={40},
  number={2},
  pages={492--515},
  year={2002},
  publisher={SIAM}
}

@article{alter2000singular,
  title={Singular value decomposition for genome-wide expression data processing and modeling},
  author={Alter, Orly and Brown, Patrick O and Botstein, David},
  journal={Proceedings of the National Academy of Sciences},
  volume={97},
  number={18},
  pages={10101--10106},
  year={2000},
  publisher={National Acad Sciences}
}

@article{troyanskaya2001missing,
  title={Missing value estimation methods for {DNA} microarrays},
  author={Troyanskaya, Olga and Cantor, Michael and Sherlock, Gavin and Brown, Pat and Hastie, Trevor and Tibshirani, Robert and Botstein, David and Altman, Russ B},
  journal={Bioinformatics},
  volume={17},
  number={6},
  pages={520--525},
  year={2001},
  publisher={Oxford Univ Press}
}

@book{hill2012introduction,
  title={An introduction to statistical thermodynamics},
  author={Hill, Terrell L},
  year={2012},
  publisher={Courier Corporation}
}

@article{dubuis2013accurate,
  title={Accurate measurements of dynamics and reproducibility in small genetic networks},
  author={Dubuis, Julien O and Samanta, Reba and Gregor, Thomas},
  journal={Molecular Systems Biology},
  volume={9},
  number={1},
  year={2013},
  publisher={Wiley Online Library}
}

@article{hamaratoglu2011dpp,
  title={Dpp signaling activity requires {P}entagone to scale with tissue size in the growing \textit{{D}rosophila} wing imaginal disc},
  author={Hamaratoglu, Fisun and de Lachapelle, Aitana Morton and Pyrowolakis, George and Bergmann, Sven and Affolter, Markus},
  journal={PLoS biology},
  volume={9},
  number={10},
  pages={e1001182},
  year={2011},
  publisher={Public Library of Science}
}

@article{efron1979bootstrap,
  title={Bootstrap methods: Another look at the jackknife},
  author={Efron, Bradley},
  journal={The Annals of Statistics},
  pages={1--26},
  year={1979},
  publisher={JSTOR}
}

@inproceedings{kemelmacher2014illumination,
  title={Illumination-Aware Age Progression},
  author={Kemelmacher-Shlizerman, Ira and Suwajanakorn, Supasorn and Seitz, Steven M},
  booktitle={2014 IEEE Conference on Computer Vision and Pattern Recognition (CVPR)},
  pages={3334--3341},
  year={2014},
  organization={IEEE}
}

@inproceedings{arie2012global,
  title={Global motion estimation from point matches},
  author={Arie-Nachimson, Mica and Kovalsky, Shahar Z and Kemelmacher-Shlizerman, Ira and Singer, Amit and Basri, Ronen},
  booktitle={3D Imaging, Modeling, Processing, Visualization and Transmission (3DIMPVT), 2012 Second International Conference on},
  pages={81--88},
  year={2012},
  organization={IEEE}
}

@article{wang2013exact,
  title={Exact and stable recovery of rotations for robust synchronization},
  author={Wang, Lanhui and Singer, Amit},
  journal={Information and Inference},
  pages={iat005},
  year={2013},
  publisher={Oxford University Press}
}

@article{cucuringu2012eigenvector,
  title={Eigenvector synchronization, graph rigidity and the molecule problem},
  author={Cucuringu, Mihai and Singer, Amit and Cowburn, David},
  journal={Information and Inference},
  volume={1},
  number={1},
  pages={21--67},
  year={2012},
  publisher={Oxford University Press}
}

@article{kane1996zebrafish,
  title={The zebrafish epiboly mutants},
  author={Kane, Donald A and Hammerschmidt, Matthias and Mullins, Mary C and Maischein, Hans-Martin and Brand, Michael and van Eeden, FJ and Furutani-Seiki, Makoto and Granato, Michael and Haffter, Pascal and Heisenberg, Carl-Philipp and others},
  journal={Development},
  volume={123},
  number={1},
  pages={47--55},
  year={1996},
  publisher={The Company of Biologists Limited}
}

@article{karlstrom1996flipbook,
  title={A flipbook of zebrafish embryogenesis},
  author={Karlstrom, Rolf O and Kane, Donald A},
  journal={Development},
  volume={123},
  pages={461--462},
  year={1996}
}

@article{gupta2008extracting,
  title={Extracting dynamics from static cancer expression data},
  author={Gupta, Anupam and Bar-Joseph, Ziv},
  journal={IEEE/ACM Transactions on Computational Biology and Bioinformatics},
  volume={5},
  number={2},
  pages={172--182},
  year={2008},
  publisher={IEEE}
}

@article{dsilva2015temporal,
  title={Temporal ordering and registration of images in studies of developmental dynamics},
  author={Dsilva, Carmeline J and Lim, Bomyi and Lu, Hang and Singer, Amit and Kevrekidis, Ioannis G and Shvartsman, Stanislav Y},
  journal={Development},
  pages={1717--1724},
  year={2015},
  publisher={The Company of Biologists Limited}
}


@article{dsilva2015data,
  title={Data-Driven Reduction for Multiscale Stochastic Dynamical Systems},
  author={Dsilva, Carmeline J and Talmon, Ronen and Gear, C William and Coifman, Ronald R and Kevrekidis, Ioannis G},
  journal={arXiv preprint arXiv:1501.05195},
  year={2015}
}
	
@article{berry2013time,
  title={Time-scale separation from diffusion-mapped delay coordinates},
  author={Berry, Tyrus and Cressman, John Robert and Gregurić-Ferenček, Zrinka and Sauer, Timothy},
  journal={SIAM Journal on Applied Dynamical Systems},
  volume={12},
  number={2},
  pages={618--649},
  year={2013},
  publisher={SIAM}
}

@article{talmon2014intrinsic,
  title={Intrinsic modeling of stochastic dynamical systems using empirical geometry},
  author={Talmon, Ronen and Coifman, Ronald R},
  journal={Applied and Computational Harmonic Analysis},
  year={2014},
  publisher={Elsevier}
}

@techreport{talmon2014manifold,
  title={Manifold learning for latent variable inference in dynamical systems},
  author={Talmon, Ronen and Mallat, St{\'e}phane and Zaveri, Hitten and Coifman, Ronald R},
  year={2014},
  institution={submitted, 2014, Tech. Report YALEU/DCS/TR1491}
}


@article{dong2007simplification,
  title={Simplification of stochastic chemical reaction models with fast and slow dynamics},
  author={Dong, Guang Qiang and Jakobowski, Luke and Iafolla, Marco AJ and McMillen, David R},
  journal={Journal of Biological Physics},
  volume={33},
  number={1},
  pages={67--95},
  year={2007},
  publisher={Springer}
}

@article{brey1981nonlinear,
  title={Nonlinear transport equations in statistical mechanics},
  author={Brey, JJ and Zwanzig, R and Dorfman, JR},
  journal={Physica A: Statistical Mechanics and its Applications},
  volume={109},
  number={3},
  pages={425--444},
  year={1981},
  publisher={Elsevier}
}

@article{hijon2010mori,
  title={{M}ori--{Z}wanzig formalism as a practical computational tool},
  author={Hij{\'o}n, Carmen and Espa{\~n}ol, Pep and Vanden-Eijnden, Eric and Delgado-Buscalioni, Rafael},
  journal={Faraday Discussions},
  volume={144},
  pages={301--322},
  year={2010},
  publisher={Royal Society of Chemistry}
}

@article{gallagher1986combined,
  title={The combined flux technique for diffusion--reaction problems in partial equilibrium: Application to the facilitated transport of carbon dioxide in aqueous bicarbonate solutions},
  author={Gallagher, Paul M and Athayde, Amulya L and Ivory, Cornelius F},
  journal={Chemical Engineering Science},
  volume={41},
  number={3},
  pages={567--578},
  year={1986},
  publisher={Elsevier}
}


@article{segel1989quasi,
  title={The quasi-steady-state assumption: A case study in perturbation},
  author={Segel, Lee A and Slemrod, Marshall},
  journal={SIAM Review},
  volume={31},
  number={3},
  pages={446--477},
  year={1989},
  publisher={SIAM}
}

@article{kevrekidis2003equation,
  title={Equation-free, coarse-grained multiscale computation: Enabling microscopic simulators to perform system-level analysis},
  author={Kevrekidis, Ioannis G and Gear, C William and Hyman, James M and Kevrekidis, Panagiotis G and Runborg, Olof and Theodoropoulos, Constantinos and others},
  journal={Communications in Mathematical Sciences},
  volume={1},
  number={4},
  pages={715--762},
  year={2003},
  publisher={International Press of Boston}
}

@article{kevrekidis2004equation,
  title={Equation-free: The computer-aided analysis of complex multiscale systems},
  author={Kevrekidis, Ioannis G and Gear, C William and Hummer, Gerhard},
  journal={AIChE Journal},
  volume={50},
  number={7},
  pages={1346--1355},
  year={2004},
  publisher={Wiley Online Library}
}

@article{erban2006gene,
  title={Gene regulatory networks: A coarse-grained, equation-free approach to multiscale computation},
  author={Erban, Radek and Kevrekidis, Ioannis G and Adalsteinsson, David and Elston, Timothy C},
  journal={The Journal of Chemical Physics},
  volume={124},
  number={8},
  pages={084106},
  year={2006},
  publisher={AIP Publishing}
}

@article{kevrekidis2009equation,
  title={Equation-free multiscale computation: Algorithms and applications},
  author={Kevrekidis, Ioannis G and Samaey, Giovanni},
  journal={Annual Review of Physical Chemistry},
  volume={60},
  pages={321--344},
  year={2009},
  publisher={Annual Reviews}
}

@article{givon2004extracting,
  title={Extracting macroscopic dynamics: Model problems and algorithms},
  author={Givon, Dror and Kupferman, Raz and Stuart, Andrew},
  journal={Nonlinearity},
  volume={17},
  number={6},
  pages={R55},
  year={2004},
  publisher={IOP Publishing}
}


@article{calderon2007fitting,
  title={Fitting effective diffusion models to data associated with a ``glassy" potential: Estimation, classical inference procedures, and some heuristics},
  author={Calderon, Christopher P},
  journal={Multiscale Modeling \& Simulation},
  volume={6},
  number={2},
  pages={656--687},
  year={2007},
  publisher={SIAM}
}

@article{berglund2003geometric,
  title={Geometric singular perturbation theory for stochastic differential equations},
  author={Berglund, Nils and Gentz, Barbara},
  journal={Journal of Differential Equations},
  volume={191},
  number={1},
  pages={1--54},
  year={2003},
  publisher={Elsevier}
}


@book{villani2009hypocoercivity,
  title={Hypocoercivity},
  author={Villani, C{\'e}dric},
  year={2009},
  publisher={American Mathematical Society}
}

@article{lelievre2013optimal,
  title={Optimal non-reversible linear drift for the convergence to equilibrium of a diffusion},
  author={Leli{\`e}vre, Tony and Nier, Francis and Pavliotis, Grigorios A},
  journal={Journal of Statistical Physics},
  volume={152},
  number={2},
  pages={237--274},
  year={2013},
  publisher={Springer}
}

@article{singer2009detecting,
  title={Detecting intrinsic slow variables in stochastic dynamical systems by anisotropic diffusion maps},
  author={Singer, Amit and Erban, Radek and Kevrekidis, Ioannis G and Coifman, Ronald R},
  journal={Proceedings of the National Academy of Sciences},
  volume={106},
  number={38},
  pages={16090--16095},
  year={2009},
  publisher={National Acad Sciences}
}

@article{pavliotis2007parameter,
  title={Parameter estimation for multiscale diffusions},
  author={Pavliotis, GA and Stuart, AM},
  journal={Journal of Statistical Physics},
  volume={127},
  number={4},
  pages={741--781},
  year={2007},
  publisher={Springer}
}

@article{gepshtein2013image,
  title={Image completion by diffusion maps and spectral relaxation},
  author={Gepshtein, Shai and Keller, Yosi},
  journal={IEEE Transactions on Image Processing},
  volume={22},
  number={8},
  pages={2983--2994},
  year={2013},
  publisher={Institute of Electrical and Electronics Engineers, Inc., 3 Park Avenue, 17 th Fl New York NY 10016-5997 United States}
}

@inproceedings{xing2002distance,
  title={Distance metric learning with application to clustering with side-information},
  author={Xing, Eric P and Jordan, Michael I and Russell, Stuart and Ng, Andrew Y},
  booktitle={Advances in Neural Information Processing Systems},
  pages={505--512},
  year={2002}
}

@inproceedings{simonyan2013fisher,
  title={Fisher vector faces in the wild},
  author={Simonyan, Karen and Parkhi, Omkar M and Vedaldi, Andrea and Zisserman, Andrew},
  booktitle={Proceedings of the British MAchine Vision Conference},
  volume={1},
  issue={2},
  pages={7},
  year={2013}
}

@book{kloeden1992numerical,
  title={Numerical Solution of Stochastic Differential Equations},
  author={Kloeden, Peter E and Platen, Eckhard},
  volume={23},
  year={1992},
  publisher={Springer}
}

@book{freidlin2012random,
  title={Random perturbations of dynamical systems},
  author={Freidlin, Mark I and Sz{\"u}cs, Joseph and Wentzell, Alexander D},
  volume={260},
  year={2012},
  publisher={Springer}
}

@article{chen2002phase,
  title={Phase-field models for microstructure evolution},
  author={Chen, Long-Qing},
  journal={Annual Review of Materials Research},
  volume={32},
  number={1},
  pages={113--140},
  year={2002},
  publisher={Annual Reviews 4139 El Camino Way, PO Box 10139, Palo Alto, CA 94303-0139, USA}
}

@article{wheeler1992phase,
  title={Phase-field model for isothermal phase transitions in binary alloys},
  author={Wheeler, AA and Boettinger, WJ and McFadden, GB},
  journal={Physical Review A},
  volume={45},
  number={10},
  pages={7424},
  year={1992},
  publisher={APS}
}

@article{chorin2000optimal,
  title={Optimal prediction and the {M}ori--{Z}wanzig representation of irreversible processes},
  author={Chorin, Alexandre J and Hald, Ole H and Kupferman, Raz},
  journal={Proceedings of the National Academy of Sciences},
  volume={97},
  number={7},
  pages={2968--2973},
  year={2000},
  publisher={National Acad Sciences}
}

@article{chorin2002optimal,
  title={Optimal prediction with memory},
  author={Chorin, Alexandre J and Hald, Ole H and Kupferman, Raz},
  journal={Physica D: Nonlinear Phenomena},
  volume={166},
  number={3},
  pages={239--257},
  year={2002},
  publisher={Elsevier}
}

@article{zwanzig1961memory,
  title={Memory effects in irreversible thermodynamics},
  author={Zwanzig, Robert},
  journal={Physical Review},
  volume={124},
  number={4},
  pages={983},
  year={1961},
  publisher={APS}
}

@article{mori1965transport,
  title={Transport, collective motion, and {B}rownian motion},
  author={Mori, Hazime},
  journal={Progress of Theoretical Physics},
  volume={33},
  number={3},
  pages={423--455},
  year={1965},
  publisher={Oxford University Press}
}

@article{mahalanobis1936generalized,
  title={On the generalized distance in statistics},
  author={Mahalanobis, Prasanta Chandra},
  journal={Proceedings of the National Institute of Sciences (Calcutta)},
  volume={2},
  pages={49--55},
  year={1936}
}

@article{fernandez2014diffusion,
  title={Diffusion methods for aligning medical datasets: Location prediction in {CT} scan images},
  author={Fern{\'a}ndez, {\'A}ngela and Rabin, Neta and Coifman, Ronald R and Eckstein, Joseph},
  journal={Medical Image Analysis},
  volume={18},
  number={2},
  pages={425--432},
  year={2014},
  publisher={Elsevier}
}

@article{peter2011gene,
  title={A gene regulatory network controlling the embryonic specification of endoderm},
  author={Peter, Isabelle S and Davidson, Eric H},
  journal={Nature},
  volume={474},
  number={7353},
  pages={635--639},
  year={2011},
  publisher={Nature Publishing Group}
}

@article{singer2011viewing,
  title={Viewing angle classification of cryo-electron microscopy images using eigenvectors},
  author={Singer, Amit and Zhao, Zhizhen and Shkolnisky, Yoel and Hadani, Ronny},
  journal={SIAM Journal on Imaging Sciences},
  volume={4},
  number={2},
  pages={723--759},
  year={2011},
  publisher={SIAM}
}

@book{matlab2013b,
year = {2013},
author = {MATLAB},
title = {version 8.2.0 (R2013b)},
publisher = {The MathWorks Inc.},
address = {Natick, Massachusetts}
}

@article{talmon2013empirical,
  title={Empirical intrinsic geometry for nonlinear modeling and time series filtering},
  author={Talmon, Ronen and Coifman, Ronald R},
  journal={Proceedings of the National Academy of Sciences},
  volume={110},
  number={31},
  pages={12535--12540},
  year={2013},
  publisher={National Acad Sciences}
}

@article{ferguson2010systematic,
  title={Systematic determination of order parameters for chain dynamics using diffusion maps},
  author={Ferguson, Andrew L and Panagiotopoulos, Athanassios Z and Debenedetti, Pablo G and Kevrekidis, Ioannis G},
  journal={Proceedings of the National Academy of Sciences},
  volume={107},
  number={31},
  pages={13597--13602},
  year={2010},
  publisher={National Acad Sciences}
}

@article{bandeira2013cheeger,
  title={A {C}heeger inequality for the graph connection {L}aplacian},
  author={Bandeira, Afonso S and Singer, Amit and Spielman, Daniel A},
  journal={SIAM Journal on Matrix Analysis and Applications},
  volume={34},
  number={4},
  pages={1611--1630},
  year={2013},
  publisher={SIAM}
}

@article{goemans1995improved,
  title={Improved approximation algorithms for maximum cut and satisfiability problems using semidefinite programming},
  author={Goemans, Michel X and Williamson, David P},
  journal={Journal of the ACM (JACM)},
  volume={42},
  number={6},
  pages={1115--1145},
  year={1995},
  publisher={ACM}
}

@article{leptin2005gastrulation,
  title={Gastrulation movements: The logic and the nuts and bolts},
  author={Leptin, Maria},
  journal={Developmental Cell},
  volume={8},
  number={3},
  pages={305--320},
  year={2005},
  publisher={Elsevier}
}

@article{roelens2013live,
  title={Live Imaging of Bicoid-Dependent Transcription in \textit{{D}rosophila} Embryos},
  author={Roelens, Baptiste and Chanes, Jose De Las Heras and Dostatni, Nathalie},
  journal={Current Biology},
  volume={23},
  pages={1--5},
  year={2013}
}

@article{keller2013imaging,
  title={Imaging morphogenesis: technological advances and biological insights},
  author={Keller, Philipp J},
  journal={Science},
  volume={340},
  number={6137},
  year={2013},
  publisher={American Association for the Advancement of Science}
}

@article{jaeger2004dynamic,
  title={Dynamic control of positional information in the early \textit{{D}rosophila} embryo},
  author={Jaeger, Johannes and Surkova, Svetlana and Blagov, Maxim and Janssens, Hilde and Kosman, David and Kozlov, Konstantin N and Myasnikova, Ekaterina and Vanario-Alonso, Carlos E and Samsonova, Maria and Sharp, David H and others},
  journal={Nature},
  volume={430},
  number={6997},
  pages={368--371},
  year={2004},
  publisher={Nature Publishing Group}
}

@article{fowlkes2008quantitative,
  title={A Quantitative Spatiotemporal Atlas of Gene Expression in the \textit{{D}rosophila} Blastoderm},
  author={Fowlkes, Charless C and Hendriks, Cris L Luengo and Ker{\"a}nen, Soile VE and Weber, Gunther H and R{\"u}bel, Oliver and Huang, Min-Yu and Chatoor, Sohail and DePace, Angela H and Simirenko, Lisa and Henriquez, Clara and Beaton, Amy and Weiszmann, Richard and Celniker, Susan and Hamann, Bernd and Knowles, David W and Biggin, Mark D and Eisen, Michael B and Malik, Jitendra},
  journal={Cell},
  volume={133},
  number={2},
  pages={364--374},
  year={2008},
  publisher={Elsevier}
}

@article{ng2012large,
  title={Large-scale neuroinformatics for \textit{in situ} hybridization data in the mouse brain},
  author={Ng, Lydia L and Sunkin, Susan M and Feng, David and Lau, Chris and Dang, Chinh and Hawrylycz, Michael J},
  journal={International Review of Neurobiology},
  volume={104},
  pages={159--182},
  year={2012}
}

@incollection{richardson2014emage,
  title={EMAGE: Electronic Mouse Atlas of Gene Expression},
  author={Richardson, Lorna and Stevenson, Peter and Venkataraman, Shanmugasundaram and Yang, Yiya and Burton, Nick and Rao, Jianguo and Christiansen, Jeffrey H and Baldock, Richard A and Davidson, Duncan R},
  booktitle={Mouse Molecular Embryology},
  pages={61--79},
  year={2014},
  publisher={Springer}
}

@article{lau2008exploration,
  title={Exploration and visualization of gene expression with neuroanatomy in the adult mouse brain},
  author={Lau, Christopher and Ng, Lydia and Thompson, Carol and Pathak, Sayan and Kuan, Leonard and Jones, Allan and Hawrylycz, Mike},
  journal={BMC Bioinformatics},
  volume={9},
  number={1},
  pages={153},
  year={2008},
  publisher={BioMed Central Ltd}
}

@inproceedings{castro2009automatic,
author={Castro, C. and Luengo-Oroz, M.A. and Desnoulez, S. and Duloquin, L. and Fernandez-de-Manuel, L. and Montagna, S. and Ledesma-Carbayo, M.J. and Bourgine, P. and Peyrieras, N. and Santos, A.}, 
booktitle={Engineering in Medicine and Biology Society, 2009. EMBC 2009. Annual International Conference of the IEEE}, 
title={An automatic quantification and registration strategy to create a gene expression atlas of zebrafish embryogenesis}, 
year={2009}, 
month={Sept}, 
pages={1469-1472}, 
keywords={cellular biophysics;genetics;3D Atlas;animals development;automatic quantification;embryogenesis;gene expression atlas;gene regulatory networks;registration strategy;zebrafish;Animals;Automation;Gene Expression Regulation, Developmental;Zebrafish}, 
doi={10.1109/IEMBS.2009.5332436}, 
ISSN={1557-170X}}

@article{jaeger2012drosophila,
title = "\textit{{D}rosophila} blastoderm patterning ",
journal = "Curr Opin Genet Dev ",
volume = "22",
number = "6",
pages = "533 - 541",
year = "2012",
note = "Genetics of system biology ",
issn = "0959-437X",
doi = "http://dx.doi.org/10.1016/j.gde.2012.10.005",
url = "http://www.sciencedirect.com/science/article/pii/S0959437X12001293",
author = "Johannes Jaeger and Manu and John Reinitz"
}

@article{yuan2014automated,
  title={Automated annotation of developmental stages of \textit{{D}rosophila} embryos in images containing spatial patterns of expression},
  author={Yuan, Lei and Pan, Cheng and Ji, Shuiwang and McCutchan, Michael and Zhou, Zhi-Hua and Newfeld, Stuart J and Kumar, Sudhir and Ye, Jieping},
  journal={Bioinformatics},
  volume={30},
  number={2},
  pages={266--273},
  year={2014},
  publisher={Oxford Univ Press}
}

@article{surkova2008characterization,
  title={Characterization of the \textit{{D}rosophila} segment determination morphome},
  author={Surkova, Svetlana and Kosman, David and Kozlov, Konstantin and Myasnikova, Ekaterina and Samsonova, Anastasia A and Spirov, Alexander and Vanario-Alonso, Carlos E and Samsonova, Maria and Reinitz, John and others},
  journal={Developmental Biology},
  volume={313},
  number={2},
  pages={844--862},
  year={2008},
  publisher={Elsevier}
}

@article{armant2013genome,
title = "Genome-wide, whole mount in situ analysis of transcriptional regulators in zebrafish embryos ",
journal = "Developmental Biology ",
volume = "380",
number = "2",
pages = "351 - 362",
year = "2013",
note = "",
issn = "0012-1606",
doi = "http://dx.doi.org/10.1016/j.ydbio.2013.05.006",
url = "http://www.sciencedirect.com/science/article/pii/S0012160613002509",
author = "Olivier Armant and Martin März and Rebecca Schmidt and Marco Ferg and Nicolas Diotel and Raymond Ertzer and Jan Christian Bryne and Lixin Yang and Isabelle Baader and Markus Reischl and Jessica Legradi and Ralf Mikut and Derek Stemple and Wilfred van IJcken and Antoine van der Sloot and Boris Lenhard and Uwe Strähle and Sepand Rastegar",
keywords = "Transcription",
keywords = "Chromatin",
keywords = "Basal transcription",
keywords = "\{RNAseq\}",
keywords = "Transcription factor",
keywords = "Zebrafish",
keywords = "Atlas of gene expression",
keywords = "Genome",
keywords = "Phylotypic stage "
}

@article{brunskill2014gene,
  title={A gene expression atlas of early craniofacial development},
  author={Brunskill, Eric W and Potter, Andrew S and Distasio, Andrew and Dexheimer, Phillip and Plassard, Andrew and Aronow, Bruce J and Potter, S Steven},
  journal={Developmental Biology},
  year={2014},
  publisher={Elsevier}
}

@book{silverman2005functional,
title = {Functional Data Analysis},
author = {Ramsay, J. O. and Silverman, B. W.},
publisher = {Springer},
year = {2005},
series = {Springer Series in Statistics}
}

@article{krzic2012multiview,
  title={Multiview light-sheet microscope for rapid \textit{in toto} imaging},
  author={Krzic, Uros and Gunther, Stefan and Saunders, Timothy E and Streichan, Sebastian J and Hufnagel, Lars},
  journal={Nature Methods},
  volume={9},
  number={7},
  pages={730--733},
  year={2012},
  publisher={Nature Publishing Group}
}

@article{ichikawa2014live,
  title={Live imaging and quantitative analysis of gastrulation in mouse embryos using light-sheet microscopy and 3{D} tracking tools},
  author={Ichikawa, Takehiko and Nakazato, Kenichi and Keller, Philipp J and Kajiura-Kobayashi, Hiroko and Stelzer, Ernst HK and Mochizuki, Atsushi and Nonaka, Shigenori},
  journal={Nature Protocols},
  volume={9},
  number={3},
  pages={575--585},
  year={2014},
  publisher={Nature Publishing Group}
}

@article{rubel2010coupling,
  title={Coupling visualization and data analysis for knowledge discovery from multi-dimensional scientific data},
  author={R{\"u}bel, Oliver and Ahern, Sean and Bethel, E and Biggin, Mark D and Childs, Hank and Cormier-Michel, Estelle and DePace, Angela and Eisen, Michael B and Fowlkes, Charless C and Geddes, Cameron GR and Hagen, Hans and Hamann, Bernd and Huang, Min-Yu and Ker\"{a}nen, Soile VE and Knowles, David W and Hendriks, Cris L Luengo and Malik, Jitendra and Meredith, Jeremy and Messmer, Peter and Prabhat and Ushizima, Daniela and Weber, Gunther H and Wu, Kesheng},
  journal={Procedia Computer Science},
  volume={1},
  number={1},
  pages={1757--1764},
  year={2010},
  publisher={Elsevier}
}

@book{ian1998statistical,
  title={Statistical Shape Analysis},
  author={Ian L. Dryden and Mardia, K.V.},
  isbn={9780471958161},
  lccn={98004092},
  series={Wiley Series in Probability and Statistics: Probability and Statistics},
  url={http://books.google.com/books?id=71zvAAAAMAAJ},
  year={1998},
  publisher={J. Wiley}
}


@article{rushlow2012temporal,
  title={Temporal dynamics, spatial range, and transcriptional interpretation of the Dorsal morphogen gradient},
  author={Rushlow, Christine A and Shvartsman, Stanislav Y},
  journal={Current Opinion in Genetics \& Development},
  volume={22},
  number={6},
  pages={542--546},
  year={2012},
  publisher={Elsevier}
}

@article{foe1983studies,
  title={Studies of nuclear and cytoplasmic behaviour during the five mitotic cycles that precede gastrulation in \textit{{D}rosophila} embryogenesis},
  author={Foe, VICTORIA E and Alberts, Bruce M},
  journal={Journal of cell science},
  volume={61},
  number={1},
  pages={31--70},
  year={1983},
  publisher={The Company of Biologists Ltd}
}

@article{nemirovski2007sums,
  title={Sums of random symmetric matrices and quadratic optimization under orthogonality constraints},
  author={Nemirovski, Arkadi},
  journal={Mathematical programming},
  volume={109},
  number={2-3},
  pages={283--317},
  year={2007},
  publisher={Springer}
}

@article{zitova2003image,
  title={Image registration methods: A survey},
  author={Zitova, Barbara and Flusser, Jan},
  journal={Image and Vision Computing},
  volume={21},
  number={11},
  pages={977--1000},
  year={2003},
  publisher={Elsevier}
}

@article{zhao2003face,
  title={Face recognition: A literature survey},
  author={Zhao, Wenyi and Chellappa, Rama and Phillips, P Jonathon and Rosenfeld, Azriel},
  journal={{ACM} Computing Surveys (CSUR)},
  volume={35},
  number={4},
  pages={399--458},
  year={2003},
  publisher={ACM}
}

@article{lowe2004distinctive,
  title={Distinctive image features from scale-invariant keypoints},
  author={Lowe, David G},
  journal={International Journal of Computer Vision},
  volume={60},
  number={2},
  pages={91--110},
  year={2004},
  publisher={Springer}
}

@article{shatsky2009method,
  title={A method for the alignment of heterogeneous macromolecules from electron microscopy},
  author={Shatsky, Maxim and Hall, Richard J and Brenner, Steven E and Glaeser, Robert M},
  journal={Journal of structural biology},
  volume={166},
  number={1},
  pages={67--78},
  year={2009},
  publisher={Elsevier}
}

@book{diggle2002analysis,
  title={Analysis of longitudinal data},
  author={Diggle, Peter and Heagerty, Patrick and Liang, Kung-Yee and Zeger, Scott},
  year={2002},
  publisher={Oxford University Press}
}

@article{chaudhury2013global,
  title={Global registration of multiple point clouds using semidefinite programming},
  author={Chaudhury, Kunal N and Khoo, Yuehaw and Singer, Amit and Cowburn, David},
  journal={arXiv preprint arXiv:1306.5226},
  year={2013}
}

@inproceedings{bandeira2014multireference,
  title={Multireference alignment using semidefinite programming},
  author={Bandeira, Afonso S and Charikar, Moses and Singer, Amit and Zhu, Andy},
  booktitle={Proceedings of the 5th conference on Innovations in theoretical computer science},
  pages={459--470},
  year={2014},
  organization={ACM}
}

@article{zhao2014rotationally,
title = "Rotationally invariant image representation for viewing direction classification in cryo-{EM} ",
journal = "Journal of Structural Biology ",
volume = "186",
number = "1",
pages = "153 - 166",
year = "2014",
note = "",
issn = "1047-8477",
author = "Zhizhen Zhao and Amit Singer",
keywords = "Cryo-EM",
keywords = "2D classification",
keywords = "Single particle reconstruction "
}

@article{anavy2014blind,
  title={{BLIND} ordering of large-scale transcriptomic developmental timecourses},
  author={Anavy, Leon and Levin, Michal and Khair, Sally and Nakanishi, Nagayasu and Fernandez-Valverde, Selene L and Degnan, Bernard M and Yanai, Itai},
  journal={Development},
  volume={141},
  number={5},
  pages={1161--1166},
  year={2014},
  publisher={The Company of Biologists Limited}
}


@article{singer2013spectral,
  title={Spectral convergence of the connection {L}aplacian from random samples},
  author={Singer, Amit and Wu, Hau-tieng},
  journal={arXiv preprint arXiv:1306.1587},
  year={2013}
}

@article{trapnell2014dynamics,
  title={The dynamics and regulators of cell fate decisions are revealed by pseudotemporal ordering of single cells},
  author={Trapnell, Cole and Cacchiarelli, Davide and Grimsby, Jonna and Pokharel, Prapti and Li, Shuqiang and Morse, Michael and Lennon, Niall J and Livak, Kenneth J and Mikkelsen, Tarjei S and Rinn, John L},
  journal={Nature Biotechnology},
  volume={32},
  number={4},
  year={2014},
  pages={381-386},
  publisher={Nature Publishing Group}
}

@book{rubner2000perceptual,
  title={Perceptual Metrics for Image Database Navigation},
  author={Rubner, Yossi and Tomasi, Carlo},
  volume={1},
  year={2000},
  publisher={Springer}
}

@article{figard2013plasma,
  title={The Plasma Membrane Flattens Out to Fuel Cell-Surface Growth during \textit{{D}rosophila} Cellularization},
  author={Figard, Lauren and Xu, Heng and Garcia, Hernan G and Golding, Ido and Sokac, Anna Marie},
  journal={Developmental cell},
  volume={27},
  number={6},
  pages={648--655},
  year={2013},
  publisher={Elsevier}
}


@article{balasubramanian2002isomap,
  title={The isomap algorithm and topological stability},
  author={Balasubramanian, Mukund and Schwartz, Eric L},
  journal={Science},
  volume={295},
  number={5552},
  pages={7--7},
  year={2002},
  publisher={American Association for the Advancement of Science}
}

@article{singer2011three,
  title={Three-dimensional structure determination from common lines in cryo-EM by eigenvectors and semidefinite programming},
  author={Singer, Amit and Shkolnisky, Yoel},
  journal={SIAM journal on Imaging Sciences},
  volume={4},
  number={2},
  pages={543--572},
  year={2011},
  publisher={SIAM}
}

@article{rubner2000earth,
  title={The {E}arth {M}over's {D}istance as a metric for image retrieval},
  author={Rubner, Yossi and Tomasi, Carlo and Guibas, Leonidas J},
  journal={International Journal of Computer Vision},
  volume={40},
  number={2},
  pages={99--121},
  year={2000},
  publisher={Springer}
}

@INPROCEEDINGS{Pele-eccv2008,
author = {Ofir Pele and Michael Werman},
title = {A Linear Time Histogram Metric for Improved {SIFT} Matching},
booktitle = {Computer Vision - ECCV},
year = {2008}
}
 
@INPROCEEDINGS{Pele-iccv2009,
author = {Ofir Pele and Michael Werman},
title = {Fast and Robust {E}arth {M}over's {D}istances},
booktitle = {ICCV},
year = {2009}
}


@article{codling2008random,
  title={Random walk models in biology},
  author={Codling, Edward A and Plank, Michael J and Benhamou, Simon},
  journal={Journal of the Royal Society Interface},
  volume={5},
  number={25},
  pages={813--834},
  year={2008},
  publisher={The Royal Society}
}

@article{othmer2000diffusion,
  title={The diffusion limit of transport equations derived from velocity-jump processes},
  author={Othmer, Hans G and Hillen, Thomas},
  journal={SIAM Journal on Applied Mathematics},
  volume={61},
  number={3},
  pages={751--775},
  year={2000},
  publisher={SIAM}
}

@article{othmer1988models,
  title={Models of dispersal in biological systems},
  author={Othmer, Hans G and Dunbar, Steven R and Alt, Wolfgang},
  journal={Journal of Mathematical Biology},
  volume={26},
  number={3},
  pages={263--298},
  year={1988},
  publisher={Springer}
}

@article{dsilva2013nonlinear,
  title={Nonlinear intrinsic variables and state reconstruction in multiscale simulations},
  author={Dsilva, Carmeline J and Talmon, Ronen and Rabin, Neta and Coifman, Ronald R and Kevrekidis, Ioannis G},
  journal={The Journal of Chemical Physics},
  volume={139},
  number={18},
  pages={184109},
  year={2013},
  publisher={AIP Publishing}
}

@inproceedings{golparvar2011monitoring,
  title={Monitoring changes of 3D building elements from unordered photo collections},
  author={Golparvar-Fard, Mani and Pena-Mora, Feniosky and Savarese, Silvio},
  booktitle={Computer Vision Workshops (ICCV Workshops), 2011 IEEE International Conference on},
  pages={249--256},
  year={2011},
  organization={IEEE}
}

@article{li2012modelling,
  title={Modelling and analysing the dynamics of disease progression from cross-sectional studies},
  author={Li, Yuanxi and Swift, Stephen and Tucker, Allan},
  journal={Journal of biomedical informatics},
  year={2012},
  publisher={Elsevier}
}
@article{scatnet,
author = {Mallat, St{\'e}phane},
title = {ScatNet (v0.2)},
month = nov,
year = {2013},
url = {http://www.di.ens.fr/data/software/}
}

@article{bruna2012invariant,
  title={Invariant Scattering Convolution Networks.},
  author={Bruna, Joan and Mallat, St{\'e}phane and others},
  journal={IEEE transactions on Pattern Analysis and Machine Intelligence},
  year={2012}
}

@article{kemelmacher2011exploring,
  title={Exploring photobios},
  author={Kemelmacher-Shlizerman, Ira and Shechtman, Eli and Garg, Rahul and Seitz, Steven M},
  journal={ACM Transactions on Graphics (TOG)},
  volume={30},
  number={4},
  pages={61},
  year={2011},
  organization={ACM}
}

@article{canny1986computational,
  title={A computational approach to edge detection},
  author={Canny, John},
  journal={IEEE Transactions on Pattern Analysis and Machine Intelligence},
  volume={6},
  pages={679--698},
  year={1986},
  publisher={IEEE}
}

@book{myers2010research,
  title={Research design and statistical analysis},
  author={Myers, Jerome L and Well, Arnold D and Lorch, Robert Frederick},
  year={2010},
  publisher={Routledge}
}

@article{akansu2010emerging,
  title={Emerging applications of wavelets: A review},
  author={Akansu, Ali N and Serdijn, Wouter A and Selesnick, Ivan W},
  journal={Physical communication},
  volume={3},
  number={1},
  pages={1--18},
  year={2010},
  publisher={Elsevier}
}

@inproceedings{bruna2011classification,
  title={Classification with scattering operators},
  author={Bruna, Joan and Mallat, St{\'e}phane},
  booktitle={Computer Vision and Pattern Recognition (CVPR), 2011 IEEE Conference on},
  pages={1561--1566},
  year={2011},
  organization={IEEE}
}

@inproceedings{sifre2013rotation,
  title={Rotation, Scaling and Deformation Invariant Scattering for Texture Discrimination},
  author={Sifre, Laurent and Mallat, St{\'e}phane and DI, Ecole Normale Superieur},
  booktitle={IEEE Conference on Computer Vision and Pattern Recognition (CVPR)},
  year={2013}
}

@article{sotiropoulos2009model,
  title={Model reduction of multiscale chemical {L}angevin equations: A numerical case study},
  author={Sotiropoulos, Vassilios and Contou-Carrere, Marrie-Nathalie and Daoutidis, Prodromos and Kaznessis, Yiannis N},
  journal={IEEE/ACM Transactions on Computational Biology and Bioinformatics (TCBB)},
  volume={6},
  number={3},
  pages={470--482},
  year={2009},
  publisher={IEEE Computer Society Press}
}

@article{contou2011model,
  title={Model reduction of multi-scale chemical {L}angevin equations},
  author={Contou-Carrere, Marie-Nathalie and Sotiropoulos, Vassilios and Kaznessis, Yiannis N and Daoutidis, Prodromos},
  journal={Systems \& Control Letters},
  volume={60},
  number={1},
  pages={75--86},
  year={2011},
  publisher={Elsevier}
}

@article{flusser2000independence,
  title={On the independence of rotation moment invariants},
  author={Flusser, Jan},
  journal={Pattern recognition},
  volume={33},
  number={9},
  pages={1405--1410},
  year={2000},
  publisher={Elsevier}
}

@article{sadler1992shift,
  title={Shift-and rotation-invariant object reconstruction using the bispectrum},
  author={Sadler, Brian M and Giannakis, Georgios B},
  journal={JOSA A},
  volume={9},
  number={1},
  pages={57--69},
  year={1992},
  publisher={Optical Society of America}
}

@book{hajnal2010medical,
  title={Medical Image Registration},
  author={Hajnal, Joseph V and Hill, Derek LG},
  year={2010},
  publisher={CRC press}
}

@article{hilai1994recognition,
  title={Recognition of rotated images by invariant Karhunen-Loeve expansion},
  author={Hilai, Ran and Rubinstein, Jacob},
  journal={JOSA A},
  volume={11},
  number={5},
  pages={1610--1618},
  year={1994},
  publisher={Optical Society of America}
}
@inproceedings{greenspan1994rotation,
  title={Rotation invariant texture recognition using a steerable pyramid},
  author={Greenspan, H and Belongie, S and Goodman, R and Perona, P},
  booktitle={Pattern Recognition, 1994. Vol. 2-Conference B: Proceedings of the 12th IAPR International Conference on Computer Vision \& Image Processing},
  volume={2},
  pages={162--167},
  year={1994},
  organization={IEEE}
}

@inproceedings{rowley1998rotation,
  title={Rotation invariant neural network-based face detection},
  author={Rowley, Henry A and Baluja, Shumeet and Kanade, Takeo},
  booktitle={Computer Vision and Pattern Recognition, 1998. Proceedings. 1998 IEEE Computer Society Conference on},
  pages={38--44},
  year={1998},
  organization={IEEE}
}

@inproceedings{simard1992efficient,
  title={Efficient pattern recognition using a new transformation distance},
  author={Simard, Patrice and LeCun, Yann and Denker, John S},
  booktitle={Advances in Neural Information Processing Systems 5,[NIPS Conference]},
  pages={50--58},
  year={1992},
  organization={Morgan Kaufmann Publishers Inc.}
}

@inproceedings{besl1992method,
  title={Method for registration of 3-D shapes},
  author={Besl, Paul J and McKay, Neil D},
  booktitle={Robotics-DL tentative},
  pages={586--606},
  year={1992},
  organization={International Society for Optics and Photonics}
}

@inproceedings{lowe1999object,
  title={Object recognition from local scale-invariant features},
  author={Lowe, David G},
  booktitle={The proceedings of the seventh IEEE international conference on Computer vision},
  volume={2},
  pages={1150--1157},
  year={1999},
  organization={Ieee}
}

@book{holmes1998turbulence,
  title={Turbulence, coherent structures, dynamical systems and symmetry},
  author={Holmes, Philip and Lumley, John L and Berkooz, Gal},
  year={1998},
  publisher={Cambridge university press}
}

@article{mallat2012group,
  title={Group invariant scattering},
  author={Mallat, St{\'e}phane},
  journal={Communications on Pure and Applied Mathematics},
  volume={65},
  number={10},
  pages={1331--1398},
  year={2012},
  publisher={Wiley Online Library}
}

@article{lim2013kinetics,
  title={Kinetics of gene derepression by {ERK} signaling},
  author={Lim, Bomyi and Samper, N{\'u}ria and Lu, Hang and Rushlow, Christine and Jim{\'e}nez, Gerardo and Shvartsman, Stanislav Y},
  journal={Proceedings of the National Academy of Sciences},
  volume={110},
  number={25},
  pages={10330--10335},
  year={2013},
  publisher={National Acad Sciences}
}

@article{lecuit2002slam,
  title={< i> slam</i> Encodes a Developmental Regulator of Polarized Membrane Growth during Cleavage of the \textit{{D}rosophila} Embryo},
  author={Lecuit, Thomas and Samanta, Reba and Wieschaus, Eric},
  journal={Developmental cell},
  volume={2},
  number={4},
  pages={425--436},
  year={2002},
  publisher={Elsevier}
}

@article{jaeger2008regulative,
  title={Regulative feedback in pattern formation: towards a general relativistic theory of positional information},
  author={Jaeger, Johannes and Irons, David and Monk, Nick},
  journal={Development},
  volume={135},
  number={19},
  pages={3175--3183},
  year={2008},
  publisher={The Company of Biologists Limited}
}

@article{wang2001efficient,
  title={Efficient, multiple-range random walk algorithm to calculate the density of states},
  author={Wang, Fugao and Landau, David P},
  journal={Physical Review Letters},
  volume={86},
  number={10},
  pages={2050},
  year={2001},
  publisher={APS}
}

@article{shlens2005tutorial,
  title={A tutorial on principal component analysis},
  author={Shlens, Jonathon},
  journal={Systems Neurobiology Laboratory, University of California at San Diego},
  year={2005}
}

@article{chung2010microfluidic,
  title={A microfluidic array for large-scale ordering and orientation of embryos},
  author={Chung, Kwanghun and Kim, Yoosik and Kanodia, Jitendra S and Gong, Emily and Shvartsman, Stanislav Y and Lu, Hang},
  journal={Nature Methods},
  volume={8},
  number={2},
  pages={171--176},
  year={2011},
  publisher={Nature Publishing Group}
}

@article{ferrenberg1988new,
  title={New {M}onte {C}arlo technique for studying phase transitions},
  author={Ferrenberg, Alan M and Swendsen, Robert H},
  journal={Physical Review Letters},
  volume={61},
  number={23},
  pages={2635},
  year={1988},
  publisher={APS}
}

@article{bowen1963singular,
  title={Singular perturbation refinement to quasi-steady state approximation in chemical kinetics},
  author={Bowen, JR and Acrivos, A and Oppenheim, AK},
  journal={Chemical Engineering Science},
  volume={18},
  number={3},
  pages={177--188},
  year={1963},
  publisher={Elsevier}
}

@article{nadler2006diffusion,
  title={Diffusion maps, spectral clustering and reaction coordinates of dynamical systems},
  author={Nadler, Boaz and Lafon, St{\'e}phane and Coifman, Ronald R and Kevrekidis, Ioannis G},
  journal={Applied and Computational Harmonic Analysis},
  volume={21},
  number={1},
  pages={113--127},
  year={2006},
  publisher={Elsevier}
}

@article{saunders2013coarse,
  title={Coarse-Graining Methods for Computational Biology},
  author={Saunders, Marissa G and Voth, Gregory A},
  journal={Annual Review of Biophysics},
  volume={42},
  pages={73--93},
  year={2013},
  publisher={Annual Reviews}
}

@article{izvekov2005systematic,
  title={Systematic coarse-graining of nanoparticle interactions in molecular dynamics simulation},
  author={Izvekov, Sergei and Violi, Angela and Voth, Gregory A},
  journal={The Journal of Physical Chemistry B},
  volume={109},
  number={36},
  pages={17019--17024},
  year={2005},
  publisher={ACS Publications}
}

@article{monticelli2008martini,
  title={The {MARTINI} coarse-grained force field: Extension to proteins},
  author={Monticelli, Luca and Kandasamy, Senthil K and Periole, Xavier and Larson, Ronald G and Tieleman, D Peter and Marrink, Siewert-Jan},
  journal={Journal of Chemical Theory and Computation},
  volume={4},
  number={5},
  pages={819--834},
  year={2008},
  publisher={ACS Publications}
}

@article{spiga2013electrostatic,
	author = {Spiga, Enrico and Alemani, Davide and Degiacomi, Matteo T. and Cascella, Michele and Peraro, Matteo Dal},
	title = {Electrostatic-Consistent Coarse-Grained Potentials for Molecular Simulations of Proteins},
	journal = {Journal of Chemical Theory and Computation},
	volume = {9},
	number = {8},
	pages = {3515-3526},
	year = {2013},
	doi = {10.1021/ct400137q},

	URL = {http://pubs.acs.org/doi/abs/10.1021/ct400137q},
	eprint = {http://pubs.acs.org/doi/pdf/10.1021/ct400137q}
}

@article{gillespie2000chemical,
  title={The chemical {L}angevin equation},
  author={Gillespie, Daniel T},
  journal={The Journal of Chemical Physics},
  volume={113},
  pages={297},
  year={2000}
}

@article{matheron1963principles,
  title={Principles of geostatistics},
  author={Matheron, Georges},
  journal={Economic Geology},
  volume={58},
  number={8},
  pages={1246--1266},
  year={1963},
  publisher={SecG}
}

@article{matheron1973intrinsic,
  title={The intrinsic random functions and their applications},
  author={Matheron, Georges},
  journal={Advances in Applied Probability},
  pages={439--468},
  year={1973},
  publisher={JSTOR}
}

@article{coifman2006geometric,
  title={Geometric harmonics: a novel tool for multiscale out-of-sample extension of empirical functions},
  author={Coifman, Ronald R and Lafon, St{\'e}phane},
  journal={Applied and Computational Harmonic Analysis},
  volume={21},
  number={1},
  pages={31--52},
  year={2006},
  publisher={Elsevier}
}

@article{ait2002maximum,
  title={Maximum Likelihood Estimation of Discretely Sampled Diffusions: A Closed-form Approximation Approach},
  author={A{\"\i}t-Sahalia, Yacine},
  journal={Econometrica},
  volume={70},
  number={1},
  pages={223--262},
  year={2002},
  publisher={Wiley Online Library}
}

@article{ait2003effects,
  title={The Effects of Random and Discrete Sampling when Estimating Continuous--Time Diffusions},
  author={A{\"\i}t--Sahalia, Yacine and Mykland, Per A},
  journal={Econometrica},
  volume={71},
  number={2},
  pages={483--549},
  year={2003},
  publisher={Wiley Online Library}
}

@article{ait2008closed,
  title={Closed-form likelihood expansions for multivariate diffusions},
  author={A{\"\i}t-Sahalia, Yacine},
  journal={The Annals of Statistics},
  pages={906--937},
  year={2008},
  publisher={JSTOR}
}

@article{lafon2006data,
  title={Data fusion and multicue data matching by diffusion maps},
  author={Lafon, St{\'e}phane and Keller, Yosi and Coifman, Ronald R},
  journal={IEEE Transactions on Pattern Analysis and Machine Intelligence},
  volume={28},
  number={11},
  pages={1784--1797},
  year={2006},
  publisher={IEEE}
}

@book{jolliffe2005principal,
  title={Principal Component Analysis},
  author={Jolliffe, Ian},
  year={2005},
  publisher={Wiley Online Library}
}

@article{hein2005intrinsic,
  author = {Hein, M. and Audibert, J. Y.},
  title = {Intrinsic dimensionality estimation of submanifold in ${R}^d$},
  journal = {L. De Raedt, S. Wrobel (Eds.), Proc. 22nd Int. Conf. Mach. Learn.,
	ACM},
  year = {2005},
  pages = {289-296}
}

@article{chekmarev2004long,
  title={Long-time conformational transitions of alanine dipeptide in aqueous solution: Continuous and discrete-state kinetic models},
  author={Chekmarev, Dmitriy S and Ishida, Tateki and Levy, Ronald M},
  journal={The Journal of Physical Chemistry B},
  volume={108},
  number={50},
  pages={19487--19495},
  year={2004},
  publisher={ACS Publications}
}

@article{apostolakis1999calculation,
  title={Calculation of conformational transitions and barriers in solvated systems: Application to the alanine dipeptide in water},
  author={Apostolakis, Joannis and Ferrara, Philippe and Caflisch, Amedeo},
  journal={The Journal of Chemical Physics},
  volume={110},
  pages={2099},
  year={1999}
}

@article{ma2005automatic,
  title={Automatic method for identifying reaction coordinates in complex systems},
  author={Ma, Ao and Dinner, Aaron R},
  journal={The Journal of Physical Chemistry B},
  volume={109},
  number={14},
  pages={6769--6779},
  year={2005},
  publisher={ACS Publications}
}

@article{frewen2009exploration,
  title={Exploration of effective potential landscapes using coarse reverse integration},
  author={Frewen, Thomas A and Hummer, Gerhard and Kevrekidis, Ioannis G},
  journal={The Journal of Chemical Physics},
  volume={131},
  pages={134104},
  year={2009}
}

@article{bolhuis2000reaction,
  title={Reaction coordinates of biomolecular isomerization},
  author={Bolhuis, Peter G and Dellago, Christoph and Chandler, David},
  journal={Proceedings of the National Academy of Sciences},
  volume={97},
  number={11},
  pages={5877--5882},
  year={2000},
  publisher={National Acad Sciences}
}

@article{ferguson2011integrating,
  title={Integrating diffusion maps with umbrella sampling: Application to alanine dipeptide},
  author={Ferguson, Andrew L and Panagiotopoulos, Athanassios Z and Debenedetti, Pablo G and Kevrekidis, Ioannis G},
  journal={The Journal of Chemical Physics},
  volume={134},
  pages={135103},
  year={2011}
}

@article{burt1983laplacian,
  title={The {L}aplacian pyramid as a compact image code},
  author={Burt, Peter and Adelson, Edward},
  journal={IEEE Transactions on Communications},
  volume={31},
  number={4},
  pages={532--540},
  year={1983},
  publisher={IEEE}
}

@article{do2003framing,
  title={Framing pyramids},
  author={Do, Minh N and Vetterli, Martin},
  journal={IEEE Transactions on Signal Processing},
  volume={51},
  number={9},
  pages={2329--2342},
  year={2003},
  publisher={IEEE}
}

@article{buchman2011high,
  title={High-dimensional density estimation via {SCA}: An example in the modelling of hurricane tracks},
  author={Buchman, Susan M and Lee, Ann B and Schafer, Chad M},
  journal={Statistical Methodology},
  volume={8},
  number={1},
  pages={18--30},
  year={2011},
  publisher={Elsevier}
}

@book{chung1997spectral,
  title={Spectral Graph Theory},
  author={Chung, Fan RK},
  volume={92},
  year={1997},
  publisher={AMS Bookstore}
}

@article{ryckaert1977numerical,
   author = "Ryckaert, J. P. and Ciccotti, G. and Berendsen, H. J. C.",
   title = "Numerical-Integration of Cartesian Equations of Motion of a System with Constraints - Molecular-Dynamics of N-Alkanes",
   journal = "Journal of Computational Physics",
   volume = "23",
   number = "3",
   pages = "327-341",
   year = "1977"
}

@article{loncharich1992langevin,
   author = "Loncharich, R. J. and Brooks, B. R. and Pastor, R. W.",
   title = "Langevin Dynamics of Peptides - the Frictional Dependence of Isomerization Rates of {N-Acetylalanyl-N'-Methylamide}",
   journal = "Biopolymers",
   volume = "32",
   number = "5",
   pages = "523-535",
   year = "1992"
}

@article{essmann1995smooth,
   author = "Essmann, U. and Perera, L. and Berkowitz, M. L. and Darden, T. and Lee, H. and Pedersen, L. G.",
   title = "A Smooth Particle Mesh {Ewald} Method",
   journal = "The Journal of Chemical Physics",
   volume = "103",
   number = "19",
   pages = "8577-8593",
   year = "1995"
}

@article{jorgensen1983comparison,
   author = "Jorgensen, W. L. and Chandrasekhar, J. and Madura, J. D. and Impey, R. W. and Klein, M. L.",
   title = "Comparison of Simple Potential Functions for Simulating Liquid Water",
   journal = "The Journal of Chemical Physics",
   volume = "79",
   number = "2",
   pages = "926-935",
   year = "1983"
}

@article{duan2003point,
   author = "Duan, Y. and Wu, C. and Chowdhury, S. and Lee, M. C. and Xiong, G. M. and Zhang, W. and Yang, R. and Cieplak, P. and Luo, R. and Lee, T. and Caldwell, J. and Wang, J. M. and Kollman,
   P.",
   title = "A Point-Charge Force Field for Molecular Mechanics Simulations of Proteins Based on Condensed-Phase Quantum Mechanical Calculations",
   journal = "Journal of Computational Chemistry",
   volume = "24",
   number = "16",
   pages = "1999-2012",
   year = "2003"
}

@article{best2009optimized,
   author = "Best, R. B. and Hummer, G.",
   title = "Optimized Molecular Dynamics Force Fields Applied to the Helix-Coil Transition of Polypeptides",
   journal = "Journal of Physical Chemistry B",
   volume = "113",
   number = "26",
   pages = "9004-9015",
   year = "2009"
}

@misc{case2008Amber,
	author = "D. A. Case and T. A. Darden and T. E. Cheatham, III and C. L. Simmerling and J. Wang and R. E. Duke and R. Luo and M. Crowley and R. C. Walker and W. Zhang and K. M. Merz and
B. Wang and S. Hayik and A. Roitberg and G. Seabra and I. Kolossv\'{a}ry and K. F. Wong and F. Paesani and J. Vanicek and X. Wu and S. R. Brozell and T. Steinbrecher and H. Gohlke and
L. Yang and C. Tan and J. Mongan and V. Hornak and G. Cui and D. H. Mathews and M. G. Seetin and C. Sagui and V. Babin and P.A. Kollman",
	title="{AMBER} 10",
	howpublished="University of California, San Francisco",
    year = "2008"
}

@article{wigner1955characteristic,
  title={Characteristic vectors of bordered matrices with infinite dimensions},
  author={Wigner, Eugene P},
  journal={The Annals of Mathematics},
  volume={62},
  number={3},
  pages={548--564},
  year={1955},
  publisher={JSTOR}
}

@article{wigner1958distribution,
  title={On the distribution of the roots of certain symmetric matrices},
  author={Wigner, Eugene P},
  journal={The Annals of Mathematics},
  volume={67},
  number={2},
  pages={325--327},
  year={1958}
}

@article{singer2012vector,
  title={Vector diffusion maps and the connection {L}aplacian},
  author={Singer, Amit and Wu, H-T},
  journal={Communications on Pure and Applied Mathematics},
  volume={65},
  number={8},
  pages={1067--1144},
  year={2012},
  publisher={Wiley Online Library}
}

@article{kabsch1976solution,
  title={A solution for the best rotation to relate two sets of vectors},
  author={Kabsch, Wolfgang},
  journal={Acta Crystallographica Section A: Crystal Physics, Diffraction, Theoretical and General Crystallography},
  volume={32},
  number={5},
  pages={922--923},
  year={1976},
  publisher={International Union of Crystallography}
}

@article{tenenbaum2000global,
  title={A global geometric framework for nonlinear dimensionality reduction},
  author={Tenenbaum, Joshua B and De Silva, Vin and Langford, John C},
  journal={Science},
  volume={290},
  number={5500},
  pages={2319--2323},
  year={2000},
  publisher={American Association for the Advancement of Science}
}

@article{roweis2000nonlinear,
  title={Nonlinear dimensionality reduction by locally linear embedding},
  author={Roweis, Sam T and Saul, Lawrence K},
  journal={Science},
  volume={290},
  number={5500},
  pages={2323--2326},
  year={2000},
  publisher={American Association for the Advancement of Science}
}

@article{sirovich1987turbulence,
    title={Turbunlence and the dynamics of coherent structures, Parts I-III},
    author={Lawrence Sirovich},
    journal={Quarterly of Applied Mathematics},
    volume={XLV},
    number={3},
    pages={561--582},
    year={1987}
}

@article{zhao2013fourier,
  title={Fourier--Bessel rotational invariant eigenimages},
  author={Zhao, Zhizhen and Singer, Amit},
  journal={JOSA A},
  volume={30},
  number={5},
  pages={871--877},
  year={2013},
  publisher={Optical Society of America}
}

@article{ojala2002multiresolution,
  title={Multiresolution gray-scale and rotation invariant texture classification with local binary patterns},
  author={Ojala, Timo and Pietikainen, Matti and Maenpaa, Topi},
  journal={IEEE Transactions on Pattern Analysis and Machine Intelligence},
  volume={24},
  number={7},
  pages={971--987},
  year={2002},
  publisher={IEEE}
}

@article{sivashinsky1977nonlinear,
  title={Nonlinear analysis of hydrodynamic instability in laminar flames�I. Derivation of basic equations},
  author={Sivashinsky, GI},
  journal={Acta Astronautica},
  volume={4},
  number={11},
  pages={1177--1206},
  year={1977},
  publisher={Elsevier}
}

@article{kuramoto1976persistent,
  title={Persistent propagation of concentration waves in dissipative media far from thermal equilibrium},
  author={Kuramoto, Yoshiki and Tsuzuki, Toshio},
  journal={Progress of theoretical physics},
  volume={55},
  number={2},
  pages={356--369},
  year={1976},
  publisher={Oxford University Press}
}

@article{rohrdanz2011determination,
  title={Determination of reaction coordinates via locally scaled diffusion map},
  author={Rohrdanz, Mary A and Zheng, Wenwei and Maggioni, Mauro and Clementi, Cecilia},
  journal={The Journal of Chemical Physics},
  volume={134},
  pages={124116},
  year={2011}
}

@article{siettos2003coarse,
  title={Coarse Brownian dynamics for nematic liquid crystals: Bifurcation, projective integration, and control via stochastic simulation},
  author={Siettos, CI and Graham, MD and Kevrekidis, IG},
  journal={Journal of Chemical Physics},
  volume={118},
  number={22},
  pages={10149--10156},
  year={2003},
  publisher={[New York, etc.]: American Institute of Physics.}
}

@article{coifman2008graph,
  title={Graph {L}aplacian tomography from unknown random projections},
  author={Coifman, Ronald R and Shkolnisky, Yoel and Sigworth, Fred J and Singer, Amit},
  journal={IEEE Transactions on Image Processing},
  volume={17},
  number={10},
  pages={1891--1899},
  year={2008},
  publisher={IEEE}
}

@article{singer2011angular,
  title={Angular synchronization by eigenvectors and semidefinite programming},
  author={Singer, A},
  journal={Applied and Computational Harmonic Analysis},
  volume={30},
  number={1},
  pages={20--36},
  year={2011},
  publisher={Elsevier}
}

@article{sonday2013noisy,
  title={Noisy dynamic simulations in the presence of symmetry: Data alignment and model reduction},
  author={Sonday, Benjamin and Singer, Amit and Kevrekidis, Ioannis G},
  journal={Computers \& Mathematics with Applications},
  year={2013},
  publisher={Elsevier}
}

@article{ahuja2007template,
  title={Template-based stabilization of relative equilibria in systems with continuous symmetry},
  author={Ahuja, Sunil and Kevrekidis, Ioannis G and Rowley, Clarence W},
  journal={Journal of Nonlinear Science},
  volume={17},
  number={2},
  pages={109--143},
  year={2007},
  publisher={Springer}
}

@article{pearson1901liii,
  title={LIII. On lines and planes of closest fit to systems of points in space},
  author={Pearson, Karl},
  journal={The London, Edinburgh, and Dublin Philosophical Magazine and Journal of Science},
  volume={2},
  number={11},
  pages={559--572},
  year={1901},
  publisher={Taylor \& Francis}
}

@article{debenedetti2001supercooled,
  title={Supercooled liquids and the glass transition},
  author={Debenedetti, Pablo G and Stillinger, Frank H and others},
  journal={Nature},
  volume={410},
  number={6825},
  pages={259--267},
  year={2001},
  publisher={Nature Publishing Group, The Macmillan Building London N 1 9 XW United Kingdom}
}

@article{coifman2005geometric,
  title={Geometric diffusions as a tool for harmonic analysis and structure definition of data: Diffusion maps},
  author={Coifman, Ronald R and Lafon, St{\'e}phane and Lee, Ann B and Maggioni, Mauro and Nadler, Boaz and Warner, Frederick and Zucker, Steven W},
  journal={Proceedings of the National Academy of Sciences},
  volume={102},
  number={21},
  pages={7426--7431},
  year={2005},
  publisher={National Acad Sciences}
}

@article{tsalikis2010efficient,
  title={Efficient Parallel Decomposition of Dynamical Sampling in Glass-Forming Materials Based on an “On the Fly” Definition of Metabasins},
  author={Tsalikis, Dimitrios G and Lempesis, Nikolaos and Boulougouris, Georgios C and Theodorou, Doros N},
  journal={Journal of Chemical Theory and Computation},
  volume={6},
  number={4},
  pages={1307--1322},
  year={2010},
  publisher={ACS Publications}
}

@article{doye1999evolution,
  title={Evolution of the potential energy surface with size for Lennard-Jones clusters},
  author={Doye, Jonathan PK and Miller, Mark A and Wales, David J},
  journal={The Journal of Chemical Physics},
  volume={111},
  number={18},
  pages={8417--8428},
  year={1999},
  publisher={American Institute of Physics}
}

@article{lee2006statistical,
  title={Statistical properties of sampled networks},
  author={Lee, Sang Hoon and Kim, Pan-Jun and Jeong, Hawoong},
  journal={Physical Review E},
  volume={73},
  number={1},
  pages={016102},
  year={2006},
  publisher={APS}
}

@article{singer2008non,
  title={Non-linear independent component analysis with diffusion maps},
  author={Singer, Amit and Coifman, Ronald R},
  journal={Applied and Computational Harmonic Analysis},
  volume={25},
  number={2},
  pages={226--239},
  year={2008},
  publisher={Elsevier}
}

@article{xue2012state,
  title={State Reduction in Molecular Simulations},
  author={Xue, Yuzhen and Ludovice, Peter J and Grover, Martha A and Nedialkova, Lilia V and Dsilva, Carmeline J and Kevrekidis, Ioannis G},
  journal={Computers \& Chemical Engineering},
  year={2012},
  publisher={Elsevier}
}

@article{zagaris2012stability,
  title={Stability and stabilization of the constrained runs schemes for equation-free projection to a slow manifold},
  author={Zagaris, Antonios and Vandekerckhove, Christophe and Gear, C William and Kaper, Tasso J and Kevrekidis, Ioannis G},
  journal={Discrete and Continuous Dynamical Systems-Series A},
  volume={32},
  number={8},
  pages={2759--2803},
  year={2012},
  publisher={American Institute of Mathematical Sciences}
}

@article{gillespie1977exact,
  title={Exact stochastic simulation of coupled chemical reactions},
  author={Gillespie, Daniel T},
  journal={The Journal of Physical Chemistry},
  volume={81},
  number={25},
  pages={2340--2361},
  year={1977},
  publisher={ACS Publications}
}

@inproceedings{kratz2009anomaly,
  title={Anomaly detection in extremely crowded scenes using spatio-temporal motion pattern models},
  author={Kratz, Louis and Nishino, Ko},
  booktitle={IEEE Conference on Computer Vision and Pattern Recognition},
  pages={1446--1453},
  year={2009},
  organization={IEEE}
}

@inproceedings{rabin2012heterogeneous,
  title={Heterogeneous datasets representation and learning using diffusion maps and laplacian pyramids},
  author={Rabin, Neta and Coifman, R},
  booktitle={Proceedings of the 12th SIAM International Conference on Data Mining (SDM 2012), Anaheim, California, USA},
  year={2012}
}

@article{stillinger2002energy,
  title={Energy landscape diversity and supercooled liquid properties},
  author={Stillinger, Frank H and Debenedetti, Pablo G},
  journal={The Journal of chemical physics},
  volume={116},
  pages={3353},
  year={2002}
}

@ARTICLE{Belkin2003,
  author = {Belkin, Mikhail and Niyogi, Partha},
  title = {Laplacian eigenmaps for dimensionality reduction and data representation},
  journal = {Neural Computation},
  year = {2003},
  volume = {15},
  pages = {1373-1396}
}

@ARTICLE{Coifman2006,
  author = {Coifman, Ronald R and Lafon, St{\'e}phane},
  title = {Diffusion Maps},
  journal = {Applied and Computational Harmonic Analysis},
  year = {2006},
  volume = {21},
  pages = {5-30},
  month = {Jul.}
}

@ARTICLE{Donoho2003,
  author = {Donoho, D. L. and Grimes, C.},
  title = {Hessian eigenmaps: New locally linear embedding techniques for high-dimensional
	data},
  journal = {PNAS},
  year = {2003},
  volume = {100},
  pages = {5591-5596}
}